@BOOK{book_guzzella,
  AUTHOR =       "Lino Guzzella", 
  TITLE =        "Analysis and Synthesis of Single-Input Single-Output Control Systems",    
  PUBLISHER =    "vdf Hochschulverlag AG",
  EDITION = "{Third}",
  ADDRESS = {ETH Zurich},
  YEAR =         {2011},
}


@ARTICLE{paper_Zanetti_Majji_Bishop_Morari_2009,
  AUTHOR =       "Renato Zanetti and Manoranjan Majji and Robert~H.~Bishop and Daniele Mortari",
  TITLE =        "{Norm-Constrained Kalman Filtering}",
  JOURNAL =      "AIAA Journal of Guidance, Control, and Dynamics",
  year = 				 {2009},
  volume =       {32},
  number =       {5},
  pages =        {1458-1465},
  month =        "September-October",
  note =         {},
  abstract =     {},
  keywords =     {},
  source =       {},
}


@ARTICLE{paper_Leung_Damaren_2004,
  AUTHOR =       "W.~S.~Leung and C.~J.~Damaren",
  TITLE =        "{A Comparison of the Pseudo-Linear and Extended Kalman Filters for Spacecraft Attitude Estimation}",
  JOURNAL =      "AIAA Guidance, Navigation, and Control Conference, Providence, Rhode Island, August 16-19, 2004",
  year = 				 {2004},
  volume =       {},
  number =       {},
  pages =        {},
  month =        "",
  note =         {},
  abstract =     {},
  keywords =     {},
  source =       {},
}


@BOOK{notes_francis_ECE311,
  AUTHOR =       "Bruce A. Francis", 
  TITLE =        "ECE311S Dynamic Systems and Control",    
  PUBLISHER =    "University of Toronto",
  ADDRESS = {Toronto, ON},
  Month = {January},
  YEAR =         {2010},
}

